@online{ang_ml,
	title = {Deep Learning Specialization},
	author = {Andrew Ng},
	year = {2017},
	url = {https://youtube.com/playlist?list=PLpFsSf5Dm-pd5d3rjNtIXUHT-v7bdaEIe&si=pYyzJQk7P5FFmqGK}
}

@online{ddl_book,
	title = {Dive into Deep Learning},
	author = {Aston Zhang and Zachary C. Lipton and Mu Li and Alexander J. Smola},
	year = {2021},
	url = {https://d2l.ai/}
}

@article{liang,
	title={Computer vision-based food calorie estimation: dataset, method, and experiment},
	author={Liang, Yanchao and Li, Jianhua},
	journal={arXiv preprint arXiv:1705.07632},
	year={2017}
}